<record><leader>00000cas a22000007a 4500</leader><controlfield tag="001">13449831</controlfield><controlfield tag="008">860417d18991900inudn ne      0    0eng d</controlfield><datafield ind1=" " ind2=" " tag="010"><subfield code="a">sn 86058466 </subfield></datafield><datafield ind1=" " ind2=" " tag="040"><subfield code="a">NPI</subfield><subfield code="b">eng</subfield><subfield code="c">NPI</subfield><subfield code="d">OCLCQ</subfield></datafield><datafield ind1=" " ind2=" " tag="042"><subfield code="a">msc</subfield></datafield><datafield ind1="0" ind2=" " tag="130"><subfield code="a">Morning Republican (Bedford, Ind.)</subfield></datafield><datafield ind1="1" ind2="4" tag="245"><subfield code="a">The morning Republican.</subfield></datafield><datafield ind1=" " ind2=" " tag="260"><subfield code="a">Bedford, Ind. :</subfield><subfield code="b">F.A. Likely</subfield></datafield><datafield ind1=" " ind2=" " tag="300"><subfield code="a">v. :</subfield><subfield code="b">ill. (chiefly advertisements)</subfield></datafield><datafield ind1=" " ind2=" " tag="310"><subfield code="a">Daily (except Mon.)</subfield></datafield><datafield ind1="1" ind2=" " tag="362"><subfield code="a">Began in 1899.</subfield><subfield code="z">Cf. Ayer, N.W &amp; Sons American newspaper annual and directory.</subfield></datafield><datafield ind1="1" ind2=" " tag="362"><subfield code="a">Ceased in 1900.</subfield><subfield code="z">Cf. Miller, John W. Indiana newspaper bibliog.</subfield></datafield><datafield ind1=" " ind2=" " tag="580"><subfield code="a">May have been continued for a brief time by: Bedford Republican.</subfield></datafield><datafield ind1=" " ind2=" " tag="580"><subfield code="a">Published also in a weekly edition called: Lawrence County Republican. Cf. Ayer.</subfield></datafield><datafield ind1=" " ind2=" " tag="588"><subfield code="a">Description based on: Vol. 3, no. 269 (Dec. 3, 1899).</subfield></datafield><datafield ind1=" " ind2=" " tag="752"><subfield code="a">United States</subfield><subfield code="b">Indiana</subfield><subfield code="c">Lawrence</subfield><subfield code="d">Bedford.</subfield></datafield><datafield ind1="1" ind2=" " tag="775"><subfield code="t">Lawrence County Republican</subfield></datafield><datafield ind1="0" ind2="0" tag="780"><subfield code="t">X Ray (Bedford, Ind.)</subfield><subfield code="w">(DLC)sn 86058465</subfield></datafield><datafield ind1="1" ind2="0" tag="785"><subfield code="t">Bedford Republican (Bedford, Ind.)</subfield></datafield><datafield ind1="1" ind2=" " tag="029"><subfield code="a">AU@</subfield><subfield code="b">000025802858</subfield></datafield></record>